1111111111111111111111111111111111111111111111111
111111111111111111111111111111111111111111111111111
111111111111111111111111111111
111111111111111111111111111111111111111111
11111111111111111111111111111111111111111111

22222222222222222222222222222222222222222222222222
2222
22222222222222222222222222222222222222
222222222222222222222
222222222222222222222222222222222222222222222222222
22222222222222222222222222222222222222222222222222222222
22222222222222222222222222222

3333333333333333333333333333333333333333333333333
3333333333333333333333333333333333333333333
3333333333333333333333333333333333333333333333333333
33333333333333333333333333333333333333333333333

4444444444444444444444444444444444444444444444444
44444444444444444444444444444444444444444444444444444
44444444444444444444444444444444444444444444444444

5555555555555555555555555555555555555555555555555555555555
5555555555555555555555555555555555555555555555555555555555
5555555555555555555555555555555555555555555555555555555555
555555555
555555555555555555555555555555555555555555555

6666666666666666666666666666666666666666666666666666
6666666666666666666666666666666666666666666666666666666666666
6666666666666666666666666666666666666666666666
66666666666666666666666666666666666666666666666666666666666666

7777777777777777777777777777777777777777777777
77777777777777777777777777777777777777777777777
777777777777777777777777777777777777777777777777
777777777777777777777777777777777777777777777777
777777777777777777777777777777777777777777777777

88888888888888888888888888888888888888888888888888888
88888888888888888888888888888888888888888888888888
8888888888888888888888888888888888888888888888888888888
88888888888888888888888888888888888888888888888888888888
888888888888888888888888888888888888888888888888888

99999999999999999999999999999999999999999999999999999
999999999999999999999999999999999999999999999999999999999999
999999999999999999999999999999999999999999999999999999999
999999999999999999999999999999999999999999999999999999999999
99999999999999999999999999999999999999999999999999999999
9999999999999999999999999999999999999999999999999999999

All the text in the world couldn't fill this filleeeeeeeeeeeeeee

Nuke codes below::::::::
10101001010101010100101001010100100101001101010100111111111010111100000110
